@misc {bw4t, 
	title={Joint {Activity} {Testbed}: {Blocks} {World} for {Teams} ({B}{W}4{T})},
	author={Matthew Johnson and Catholijn Jonker and Birna van Riemsdijk and Paul J. Feltovich and Jeffrey M. Bradshaw}, 	year="2009"
}

@misc {hindriks2012goal,
	title={Goal User Manual},
	author={Hindriks, Koen V and Pasman, Wouter},
	year="2012",
}